<record><leader>00000cas a22000007a 4500</leader><controlfield tag="001">10251318</controlfield><controlfield tag="008">831227d18471922paucr ne      0    0eng d</controlfield><datafield ind1=" " ind2=" " tag="010"><subfield code="a">sn 83032304 </subfield></datafield><datafield ind1=" " ind2=" " tag="040"><subfield code="a">NPU</subfield><subfield code="b">eng</subfield><subfield code="c">NPU</subfield><subfield code="d">NPH</subfield><subfield code="d">DLC</subfield><subfield code="d">NPX</subfield><subfield code="d">NPH</subfield><subfield code="d">NPA</subfield><subfield code="d">NPH</subfield><subfield code="d">MFN</subfield><subfield code="d">NVH</subfield><subfield code="d">YOX</subfield><subfield code="d">KRTAS</subfield><subfield code="d">UBY</subfield><subfield code="d">DLC</subfield><subfield code="d">OCLCF</subfield><subfield code="d">OCLCO</subfield></datafield><datafield ind1="1" ind2=" " tag="029"><subfield code="a">AU@</subfield><subfield code="b">000025836459</subfield></datafield><datafield ind1=" " ind2=" " tag="042"><subfield code="a">msc</subfield></datafield><datafield ind1="0" ind2="0" tag="050"><subfield code="a">Newspaper 9459</subfield></datafield><datafield ind1="0" ind2=" " tag="130"><subfield code="a">Lancaster intelligencer (Lancaster, Pa. : 1847)</subfield></datafield><datafield ind1="0" ind2="0" tag="245"><subfield code="a">Lancaster intelligencer.</subfield></datafield><datafield ind1="0" ind2="0" tag="246"><subfield code="a">Lancaster intelligencer &amp; journal</subfield></datafield><datafield ind1="0" ind2="3" tag="246"><subfield code="a">Intelligencer &amp; Lancasterian</subfield><subfield code="f">&lt;Nov. 27, 1855&gt;</subfield></datafield><datafield ind1="0" ind2="7" tag="246"><subfield code="a">Lancaster weekly intelligencer</subfield></datafield><datafield ind1="0" ind2="3" tag="246"><subfield code="a">Intelligencer &amp; journal</subfield></datafield><datafield ind1="0" ind2="3" tag="246"><subfield code="a">Lancaster intelligencer &amp; journal</subfield></datafield><datafield ind1="0" ind2="3" tag="246"><subfield code="a">Weekly intelligencer</subfield></datafield><datafield ind1="0" ind2="3" tag="246"><subfield code="a">Semi-weekly intelligencer</subfield></datafield><datafield ind1="0" ind2="7" tag="246"><subfield code="a">Lancaster semi-weekly intelligencer</subfield></datafield><datafield ind1=" " ind2=" " tag="260"><subfield code="a">Lancaster [Pa.] :</subfield><subfield code="b">E.W. Hutter,</subfield></datafield><datafield ind1=" " ind2=" " tag="300"><subfield code="a">v.</subfield></datafield><datafield ind1=" " ind2=" " tag="310"><subfield code="a">Semi-weekly,</subfield><subfield code="b">Jan. 3, 1891-</subfield></datafield><datafield ind1=" " ind2=" " tag="321"><subfield code="a">Weekly,</subfield><subfield code="b">Dec. 28, 1847-Dec. 31, 1890</subfield></datafield><datafield ind1="0" ind2=" " tag="362"><subfield code="a">Vol. 48, no. 48 (Dec. 28, 1847)-</subfield></datafield><datafield ind1="1" ind2=" " tag="362"><subfield code="a">Ceased in 1922.</subfield><subfield code="z">Cf. Salisbury, R.  Pa. newspapers.</subfield></datafield><datafield ind1=" " ind2=" " tag="500"><subfield code="a">Publishers: George Sanderson, &lt;1852-1853&gt;; H.G. Smith &amp; Co., &lt;1857&gt;; George Sanderson, &lt;1863&gt;; Geo. Sanderson &amp; Son, &lt;1864&gt;; A.J. Steinman &amp; William U. Hensel, &lt;1876&gt;.</subfield></datafield><datafield ind1=" " ind2=" " tag="500"><subfield code="a">Editor: George Sanderson, &lt;1863&gt;.</subfield></datafield><datafield ind1=" " ind2=" " tag="500"><subfield code="a">"Democratic," &lt;1876&gt;.</subfield></datafield><datafield ind1=" " ind2=" " tag="530"><subfield code="a">Also issued on microfilm by University Microfilms International.</subfield></datafield><datafield ind1=" " ind2=" " tag="580"><subfield code="a">Campaign ed.: Uncle Samuel.</subfield></datafield><datafield ind1=" " ind2="0" tag="651"><subfield code="a">Lancaster (Pa.)</subfield><subfield code="v">Newspapers.</subfield></datafield><datafield ind1=" " ind2="7" tag="655"><subfield code="a">Newspapers.</subfield><subfield code="2">fast</subfield><subfield code="0">(OCoLC)fst01423814</subfield></datafield><datafield ind1=" " ind2="7" tag="651"><subfield code="a">Pennsylvania</subfield><subfield code="z">Lancaster.</subfield><subfield code="2">fast</subfield><subfield code="0">(OCoLC)fst01206374</subfield></datafield><datafield ind1=" " ind2=" " tag="752"><subfield code="a">United States</subfield><subfield code="b">Pennsylvania</subfield><subfield code="c">Lancaster</subfield><subfield code="d">Lancaster.</subfield></datafield><datafield ind1="0" ind2=" " tag="775"><subfield code="t">Lancaster daily intelligencer</subfield><subfield code="x">2158-2688</subfield><subfield code="w">(DLC)sn 83032300</subfield><subfield code="w">(OCoLC)10246720</subfield></datafield><datafield ind1="1" ind2=" " tag="775"><subfield code="t">Uncle Samuel</subfield><subfield code="w">(DLC)sn 86081604</subfield><subfield code="w">(OCoLC)13461588</subfield></datafield><datafield ind1="0" ind2="0" tag="780"><subfield code="t">Intelligencer &amp; journal (Lancaster, Pa. : 1842)</subfield><subfield code="w">(DLC)sn 83032303</subfield><subfield code="w">(OCoLC)10251157</subfield></datafield><datafield ind1="0" ind2="5" tag="780"><subfield code="t">Lancasterian (Lancaster, Pa.)</subfield><subfield code="w">(DLC)sn 86081416</subfield><subfield code="w">(OCoLC)13099706</subfield></datafield><datafield ind1=" " ind2=" " tag="938"><subfield code="a">Kirtas Technologies, Inc.</subfield><subfield code="b">KRTS</subfield><subfield code="n">737989</subfield></datafield></record>